<?xml version="1.0" encoding="UTF-8"?><collection xmlns="http://www.loc.gov/MARC21/slim"><record><leader>00395nam--2200145-i-4500</leader><controlfield tag="001">000004093</controlfield><controlfield tag="002">20161230</controlfield><controlfield tag="005">20170304174116</controlfield><controlfield tag="008">060222s1000------------r-----000-0-eng-d</controlfield><datafield ind1=" " ind2=" " tag="100"><subfield code="a">Dumitrescu, Ioan I</subfield></datafield><datafield ind1=" " ind2=" " tag="245"><subfield code="a">Normarea tehnica in constructii</subfield></datafield><datafield ind1=" " ind2=" " tag="260"><subfield code="a">Bucureti</subfield><subfield code="b">Ed.De Stat Pentru Arhitectura Si Consstructii</subfield><subfield code="c">1954</subfield></datafield><datafield ind1=" " ind2=" " tag="300"><subfield code="a">273 p</subfield></datafield><datafield ind1=" " ind2=" " tag="700"><subfield code="a">Bodea, S</subfield></datafield><datafield ind1=" " ind2=" " tag="CAT"><subfield code="a">SYS</subfield><subfield code="c">20170304</subfield><subfield code="h">174116</subfield></datafield></record></collection>